%%%%%%%%%% Related Papers %%%%%%%%%%


@article{mohagheghi2007quality,
  title={Quality, productivity and economic benefits of software reuse: a review of industrial studies},
  author={Mohagheghi, Parastoo and Conradi, Reidar},
  journal={Empirical Software Engineering},
  volume={12},
  number={5},
  pages={471--516},
  year={2007},
  publisher={Springer}
}

@inproceedings{thung2013automated,
  title={Automated library recommendation},
  author={Thung, Ferdian and Lo, David and Lawall, Julia},
  booktitle={2013 20th Working Conference on Reverse Engineering (WCRE)},
  pages={182--191},
  year={2013},
  organization={IEEE}
}

@inproceedings{wang2020empirical,
  title={An empirical study of usages, updates and risks of third-party libraries in Java projects},
  author={Wang, Ying and Chen, Bihuan and Huang, Kaifeng and Shi, Bowen and Xu, Congying and Peng, Xin and Wu, Yijian and Liu, Yang},
  booktitle={2020 IEEE International Conference on Software Maintenance and Evolution (ICSME)},
  pages={35--45},
  year={2020},
  organization={IEEE}
}

% Library Selection and Adoption
@inproceedings{abdalkareem2017developers,
  title={Why do developers use trivial packages? an empirical case study on npm},
  author={Abdalkareem, Rabe and Nourry, Olivier and Wehaibi, Sultan and Mujahid, Suhaib and Shihab, Emad},
  booktitle={Proceedings of the 2017 11th joint meeting on foundations of software engineering},
  pages={385--395},
  year={2017}
}

@article{pano2018factors,
  title={Factors and actors leading to the adoption of a JavaScript framework},
  author={Pano, Amantia and Graziotin, Daniel and Abrahamsson, Pekka},
  journal={Empirical Software Engineering},
  volume={23},
  number={6},
  pages={3503--3534},
  year={2018},
  publisher={Springer}
}

@inproceedings{de2018library,
  title={Which library should I use?: a metric-based comparison of software libraries},
  author={De La Mora, Fernando L{\'o}pez and Nadi, Sarah},
  booktitle={2018 IEEE/ACM 40th International Conference on Software Engineering: New Ideas and Emerging Technologies Results (ICSE-NIER)},
  pages={37--40},
  year={2018},
  organization={IEEE}
}

@inproceedings{de2018empirical,
  title={An empirical study of metric-based comparisons of software libraries},
  author={de la Mora, Fernando L{\'o}pez and Nadi, Sarah},
  booktitle={Proceedings of the 14th International Conference on Predictive Models and Data Analytics in Software Engineering},
  pages={22--31},
  year={2018}
}

@inproceedings{kavaler2019tool,
  title={Tool choice matters: JavaScript quality assurance tools and usage outcomes in GitHub projects},
  author={Kavaler, David and Trockman, Asher and Vasilescu, Bogdan and Filkov, Vladimir},
  booktitle={2019 IEEE/ACM 41st International Conference on Software Engineering (ICSE)},
  pages={476--487},
  year={2019},
  organization={IEEE}
}

@inproceedings{yin2020team,
  title={Team discussions and dynamics during DevOps tool adoptions in OSS projects},
  author={Yin, Likang and Filkov, Vladimir},
  booktitle={2020 35th IEEE/ACM International Conference on Automated Software Engineering (ASE)},
  pages={697--708},
  year={2020},
  organization={IEEE}
}

@article{ma2020methodology,
  title={A Methodology for Analyzing Uptake of SoftwareTechnologies Among Developers},
  author={Ma, Yuxing and Mockus, Audris and Zaretzki, Russell and Bichescu, Bogdan and Bradley, Randy},
  journal={IEEE Transactions on Software Engineering},
  year={2020},
  publisher={IEEE}
}

@article{xu2020reinventing,
  title={Why reinventing the wheels? An empirical study on library reuse and re-implementation},
  author={Xu, Bowen and An, Le and Thung, Ferdian and Khomh, Foutse and Lo, David},
  journal={Empirical Software Engineering},
  volume={25},
  number={1},
  pages={755--789},
  year={2020},
  publisher={Springer}
}

@inproceedings{larios2020selecting,
  title={Selecting third-party libraries: The practitionersâ€™ perspective},
  author={Larios Vargas, Enrique and Aniche, Maur{\'\i}cio and Treude, Christoph and Bruntink, Magiel and Gousios, Georgios},
  booktitle={Proceedings of the 28th ACM Joint Meeting on European Software Engineering Conference and Symposium on the Foundations of Software Engineering},
  pages={245--256},
  year={2020}
}

@inproceedings{lamba2020heard,
  title={Heard it through the Gitvine: an empirical study of tool diffusion across the npm ecosystem},
  author={Lamba, Hemank and Trockman, Asher and Armanios, Daniel and K{\"a}stner, Christian and Miller, Heather and Vasilescu, Bogdan},
  booktitle={Proceedings of the 28th ACM Joint Meeting on European Software Engineering Conference and Symposium on the Foundations of Software Engineering},
  pages={505--517},
  year={2020}
}

@article{soto2021comprehensive,
  title={A comprehensive study of bloated dependencies in the maven ecosystem},
  author={Soto-Valero, C{\'e}sar and Harrand, Nicolas and Monperrus, Martin and Baudry, Benoit},
  journal={Empirical Software Engineering},
  volume={26},
  number={3},
  pages={1--44},
  year={2021},
  publisher={Springer}
}

% Security
@inproceedings{decan2018impact,
  title={On the impact of security vulnerabilities in the npm package dependency network},
  author={Decan, Alexandre and Mens, Tom and Constantinou, Eleni},
  booktitle={Proceedings of the 15th International Conference on Mining Software Repositories},
  pages={181--191},
  year={2018}
}

@inproceedings{pashchenko2018vulnerable,
  title={Vulnerable open source dependencies: Counting those that matter},
  author={Pashchenko, Ivan and Plate, Henrik and Ponta, Serena Elisa and Sabetta, Antonino and Massacci, Fabio},
  booktitle={Proceedings of the 12th ACM/IEEE International Symposium on Empirical Software Engineering and Measurement},
  pages={1--10},
  year={2018}
}

@inproceedings{zimmermann2019small,
  title={Small world with high risks: A study of security threats in the npm ecosystem},
  author={Zimmermann, Markus and Staicu, Cristian-Alexandru and Tenny, Cam and Pradel, Michael},
  booktitle={28th USENIX Security Symposium (USENIX Security 19)},
  pages={995--1010},
  year={2019}
}

@inproceedings{alfadel2021empirical,
  author = {Mahmoud Alfadel and Diego Elias Costa and Emad Shihab},
  title = {Empirical analysis of security vulnerabilities in Python packages},
  booktitle={Proceedings of the 28th IEEE International Conference on Software Analysis, Evolution and Reengineering (SANER)},
  year = 2021,
  organization={IEEE}
}

% Update
@inproceedings{cox2015measuring,
  title={Measuring dependency freshness in software systems},
  author={Cox, Jo{\"e}l and Bouwers, Eric and Van Eekelen, Marko and Visser, Joost},
  booktitle={2015 IEEE/ACM 37th IEEE International Conference on Software Engineering},
  volume={2},
  pages={109--118},
  year={2015},
  organization={IEEE}
}

@inproceedings{kula2015trusting,
  title={Trusting a library: A study of the latency to adopt the latest maven release},
  author={Kula, Raula Gaikovina and German, Daniel M and Ishio, Takashi and Inoue, Katsuro},
  booktitle={2015 IEEE 22nd International Conference on Software Analysis, Evolution, and Reengineering (SANER)},
  pages={520--524},
  year={2015},
  organization={IEEE}
}

@article{bavota2015apache,
  title={How the Apache community upgrades dependencies: an evolutionary study},
  author={Bavota, Gabriele and Canfora, Gerardo and Di Penta, Massimiliano and Oliveto, Rocco and Panichella, Sebastiano},
  journal={Empirical Software Engineering},
  volume={20},
  number={5},
  pages={1275--1317},
  year={2015},
  publisher={Springer}
}

@inproceedings{mirhosseini2017can,
  title={Can automated pull requests encourage software developers to upgrade out-of-date dependencies?},
  author={Mirhosseini, Samim and Parnin, Chris},
  booktitle={2017 32nd IEEE/ACM International Conference on Automated Software Engineering (ASE)},
  pages={84--94},
  year={2017},
  organization={IEEE}
}

@article{kula2018developers,
  title={Do developers update their library dependencies?},
  author={Kula, Raula Gaikovina and German, Daniel M and Ouni, Ali and Ishio, Takashi and Inoue, Katsuro},
  journal={Empirical Software Engineering},
  volume={23},
  number={1},
  pages={384--417},
  year={2018},
  publisher={Springer}
}

@inproceedings{zerouali2018empirical,
  title={An empirical analysis of technical lag in npm package dependencies},
  author={Zerouali, Ahmed and Constantinou, Eleni and Mens, Tom and Robles, Gregorio and Gonz{\'a}lez-Barahona, Jes{\'u}s},
  booktitle={International Conference on Software Reuse},
  pages={95--110},
  year={2018},
  organization={Springer}
}

@inproceedings{decan2018evolution,
  title={On the evolution of technical lag in the npm package dependency network},
  author={Decan, Alexandre and Mens, Tom and Constantinou, Eleni},
  booktitle={2018 IEEE International Conference on Software Maintenance and Evolution (ICSME)},
  pages={404--414},
  year={2018},
  organization={IEEE}
}

@article{cogo2019empirical,
  title={An empirical study of dependency downgrades in the npm ecosystem},
  author={Cogo, Filipe Roseiro and Oliva, Gustavo Ansaldi and Hassan, Ahmed E},
  journal={IEEE Transactions on Software Engineering},
  year={2019},
  publisher={IEEE}
}

@inproceedings{soto2019emergence,
  title={The emergence of software diversity in maven central},
  author={Soto-Valero, C{\'e}sar and Benelallam, Amine and Harrand, Nicolas and Barais, Olivier and Baudry, Benoit},
  booktitle={2019 IEEE/ACM 16th International Conference on Mining Software Repositories (MSR)},
  pages={333--343},
  year={2019},
  organization={IEEE}
}

@inproceedings{dietrich2019dependency,
  title={Dependency versioning in the wild},
  author={Dietrich, Jens and Pearce, David and Stringer, Jacob and Tahir, Amjed and Blincoe, Kelly},
  booktitle={2019 IEEE/ACM 16th International Conference on Mining Software Repositories (MSR)},
  pages={349--359},
  year={2019},
  organization={IEEE}
}

% Library Migration
@inproceedings{bartolomei2009study,
  title={Study of an API migration for two XML APIs},
  author={Bartolomei, Thiago Tonelli and Czarnecki, Krzysztof and L{\"a}mmel, Ralf and Van Der Storm, Tijs},
  booktitle={International Conference on Software Language Engineering},
  pages={42--61},
  year={2009},
  organization={Springer}
}

@inproceedings{bartolomei2010swing,
  title={Swing to SWT and back: Patterns for API migration by wrapping},
  author={Bartolomei, Thiago Tonelli and Czarnecki, Krzysztof and L{\"a}mmel, Ralf},
  booktitle={2010 IEEE International Conference on Software Maintenance},
  pages={1--10},
  year={2010},
  organization={IEEE}
}

@inproceedings{teyton2012mining,
  title={Mining library migration graphs},
  author={Teyton, Cedric and Falleri, Jean-Remy and Blanc, Xavier},
  booktitle={2012 19th Working Conference on Reverse Engineering},
  pages={289--298},
  year={2012},
  organization={IEEE}
}

@article{teyton2014study,
  title={A study of library migrations in Java},
  author={Teyton, C{\'e}dric and Falleri, Jean-R{\'e}my and Palyart, Marc and Blanc, Xavier},
  journal={Journal of Software: Evolution and Process},
  volume={26},
  number={11},
  pages={1030--1052},
  year={2014},
  publisher={Wiley Online Library}
}

@inproceedings{kabinna2016logging,
  title={Logging library migrations: A case study for the apache software foundation projects},
  author={Kabinna, Suhas and Bezemer, Cor-Paul and Shang, Weiyi and Hassan, Ahmed E},
  booktitle={2016 IEEE/ACM 13th Working Conference on Mining Software Repositories (MSR)},
  pages={154--164},
  year={2016},
  organization={IEEE}
}

@inproceedings{verhaeghe2019gui,
  title={GUI migration using MDE from GWT to angular 6: an industrial case},
  author={Verhaeghe, Beno{\^\i}t and Etien, Anne and Anquetil, Nicolas and Seriai, Abderrahmane and Deruelle, Laurent and Ducasse, St{\'e}phane and Derras, Mustapha},
  booktitle={2019 IEEE 26th International Conference on Software Analysis, Evolution and Reengineering (SANER)},
  pages={579--583},
  year={2019},
  organization={IEEE}
}

@inproceedings{alrubaye2020does,
  title={How does library migration impact software quality and comprehension? An empirical study},
  author={Alrubaye, Hussein and Alshoaibi, Deema and Alomar, Eman and Mkaouer, Mohamed Wiem and Ouni, Ali},
  booktitle={International Conference on Software and Software Reuse},
  pages={245--260},
  year={2020},
  organization={Springer}
}

@inproceedings{he2021multi,
  title={A multi-metric ranking approach for library migration recommendations},
  author={He, Hao and Xu, Yulin and Ma, Yixiao and Xu, Yifei and Liang, Guangtai and Zhou, Minghui},
  booktitle={2021 IEEE International Conference on Software Analysis, Evolution and Reengineering (SANER)},
  pages={72--83},
  year={2021},
  organization={IEEE}
}

@article{cogo2021deprecation,
  title={Deprecation of packages and releases in software ecosystems: A case study on npm},
  author={Cogo, Filipe Roseiro and Oliva, Gustavo Ansaldi and Hassan, Ahmed E},
  journal={IEEE Transactions on Software Engineering},
  number={01},
  pages={1--1},
  year={2021},
  publisher={IEEE Computer Society}
}

@inproceedings{he2021migrationadvisor,
  title={MigrationAdvisor: Recommending library migrations from large-scale open-source data},
  author={He, Hao and Xu, Yulin and Cheng, Xiao and Liang, Guangtai and Zhou, Minghui},
  booktitle={2021 IEEE/ACM 43rd International Conference on Software Engineering: Companion Proceedings (ICSE-Companion)},
  pages={9--12},
  year={2021},
  organization={IEEE}
}

% API Migration
@inproceedings{alrubaye2019use,
  title={On the use of information retrieval to automate the detection of third-party java library migration at the method level},
  author={Alrubaye, Hussein and Mkaouer, Mohamed Wiem and Ouni, Ali},
  booktitle={2019 IEEE/ACM 27th International Conference on Program Comprehension (ICPC)},
  pages={347--357},
  year={2019},
  organization={IEEE}
}

@inproceedings{teyton2013automatic,
  title={Automatic discovery of function mappings between similar libraries},
  author={Teyton, C{\'e}dric and Falleri, Jean-R{\'e}my and Blanc, Xavier},
  booktitle={2013 20th Working Conference on Reverse Engineering (WCRE)},
  pages={192--201},
  year={2013},
  organization={IEEE}
}

@article{chen2019mining,
  title={Mining likely analogical apis across third-party libraries via large-scale unsupervised api semantics embedding},
  author={Chen, Chunyang and Xing, Zhenchang and Liu, Yang and Ong, Kent Long Xiong},
  journal={IEEE Transactions on Software Engineering},
  year={2019},
  publisher={IEEE}
}

@inproceedings{xu2019meditor,
  title={Meditor: inference and application of API migration edits},
  author={Xu, Shengzhe and Dong, Ziqi and Meng, Na},
  booktitle={2019 IEEE/ACM 27th International Conference on Program Comprehension (ICPC)},
  pages={335--346},
  year={2019},
  organization={IEEE}
}

@inproceedings{alrubaye2019use,
  title={On the use of information retrieval to automate the detection of third-party java library migration at the method level},
  author={Alrubaye, Hussein and Mkaouer, Mohamed Wiem and Ouni, Ali},
  booktitle={2019 IEEE/ACM 27th International Conference on Program Comprehension (ICPC)},
  pages={347--357},
  year={2019},
  organization={IEEE}
}

@article{alrubaye2020learning,
  title={Learning to recommend third-party library migration opportunities at the api level},
  author={Alrubaye, Hussein and Mkaouer, Mohamed Wiem and Khokhlov, Igor and Reznik, Leon and Ouni, Ali and Mcgoff, Jason},
  journal={Applied Soft Computing},
  volume={90},
  pages={106140},
  year={2020},
  publisher={Elsevier}
}

@inproceedings{collie2020m3,
  title={M3: Semantic API Migrations},
  author={Collie, Bruce and Ginsbach, Philip and Woodruff, Jackson and Rajan, Ajitha and O'Boyle, Michael FP},
  booktitle={2020 35th IEEE/ACM International Conference on Automated Software Engineering (ASE)},
  pages={90--102},
  year={2020},
  organization={IEEE}
}


%%%%%%%%%% Miscellaneous Papers %%%%%%%%%%


@inproceedings{fleurey2007model,
  title={Model-driven engineering for software migration in a large industrial context},
  author={Fleurey, Franck and Breton, Erwan and Baudry, Benoit and Nicolas, Alain and J{\'e}z{\'e}quel, Jean-Marc},
  booktitle={International Conference on Model Driven Engineering Languages and Systems},
  pages={482--497},
  year={2007},
  organization={Springer}
}

@inproceedings{zhong2010mining,
  title={Mining API mapping for language migration},
  author={Zhong, Hao and Thummalapenta, Suresh and Xie, Tao and Zhang, Lu and Wang, Qing},
  booktitle={Proceedings of the 32nd ACM/IEEE International Conference on Software Engineering-Volume 1},
  pages={195--204},
  year={2010}
}

@inproceedings{cossette2012seeking,
  title={Seeking the ground truth: a retroactive study on the evolution and migration of software libraries},
  author={Cossette, Bradley E and Walker, Robert J},
  booktitle={Proceedings of the ACM SIGSOFT 20th International Symposium on the Foundations of Software Engineering},
  pages={1--11},
  year={2012}
}

@inproceedings{nguyen2013lexical,
  title={Lexical statistical machine translation for language migration},
  author={Nguyen, Anh Tuan and Nguyen, Tung Thanh and Nguyen, Tien N},
  booktitle={Proceedings of the 2013 9th Joint Meeting on Foundations of Software Engineering},
  pages={651--654},
  year={2013}
}

@inproceedings{cortes2014automatically,
  title={On automatically generating commit messages via summarization of source code changes},
  author={Cort{\'e}s-Coy, Luis Fernando and Linares-V{\'a}squez, Mario and Aponte, Jairo and Poshyvanyk, Denys},
  booktitle={2014 IEEE 14th International Working Conference on Source Code Analysis and Manipulation},
  pages={275--284},
  year={2014},
  organization={IEEE}
}

@inproceedings{silva2016we,
  title={Why we refactor? Confessions of github contributors},
  author={Silva, Danilo and Tsantalis, Nikolaos and Valente, Marco Tulio},
  booktitle={Proceedings of the 2016 24th ACM SIGSOFT International Symposium on Foundations of Software Engineering},
  pages={858--870},
  year={2016}
}

@inproceedings{thung2013automated,
  title={Automated library recommendation},
  author={Thung, Ferdian and Lo, David and Lawall, Julia},
  booktitle={2013 20th Working conference on reverse engineering (WCRE)},
  pages={182--191},
  year={2013},
  organization={IEEE}
}

@inproceedings{chen2016similartech,
  title={Similartech: automatically recommend analogical libraries across different programming languages},
  author={Chen, Chunyang and Xing, Zhenchang},
  booktitle={Proceedings of the 31st IEEE/ACM International Conference on Automated Software Engineering},
  pages={834--839},
  year={2016}
}

@inproceedings{coelho2017modern,
  title={Why modern open source projects fail},
  author={Coelho, Jailton and Valente, Marco Tulio},
  booktitle={Proceedings of the 2017 11th Joint Meeting on Foundations of Software Engineering},
  pages={186--196},
  year={2017}
}

@article{saied2018improving,
  title={Improving reusability of software libraries through usage pattern mining},
  author={Saied, Mohamed Aymen and Ouni, Ali and Sahraoui, Houari and Kula, Raula Gaikovina and Inoue, Katsuro and Lo, David},
  journal={Journal of Systems and Software},
  volume={145},
  pages={164--179},
  year={2018},
  publisher={Elsevier}
}

@inproceedings{valiev2018ecosystem,
  title={Ecosystem-level determinants of sustained activity in open-source projects: A case study of the PyPI ecosystem},
  author={Valiev, Marat and Vasilescu, Bogdan and Herbsleb, James},
  booktitle={Proceedings of the 2018 26th ACM Joint Meeting on European Software Engineering Conference and Symposium on the Foundations of Software Engineering},
  pages={644--655},
  year={2018}
}

@article{decan2019empirical,
  title={An empirical comparison of dependency network evolution in seven software packaging ecosystems},
  author={Decan, Alexandre and Mens, Tom and Grosjean, Philippe},
  journal={Empirical Software Engineering},
  volume={24},
  number={1},
  pages={381--416},
  year={2019},
  publisher={Springer}
}

@article{tan2019communicate,
  title={How to communicate when submitting patches: An empirical study of the linux kernel},
  author={Tan, Xin and Zhou, Minghui},
  journal={Proceedings of the ACM on Human-Computer Interaction},
  volume={3},
  number={CSCW},
  pages={1--26},
  year={2019},
  publisher={ACM New York, NY, USA}
}

@article{lamothe2020a3,
  title={A3: Assisting Android API migrations using code examples},
  author={Lamothe, Maxime and Shang, Weiyi and Chen, Tse-Hsun Peter},
  journal={IEEE Transactions on Software Engineering},
  year={2020},
  publisher={IEEE}
}

@article{nguyen2020crossrec,
  title={CrossRec: Supporting software developers by recommending third-party libraries},
  author={Nguyen, Phuong T and Di Rocco, Juri and Di Ruscio, Davide and Di Penta, Massimiliano},
  journal={Journal of Systems and Software},
  volume={161},
  pages={110460},
  year={2020},
  publisher={Elsevier}
}


%%%%%%%%%% Methodology Papers %%%%%%%%%%

@book{rogers2010diffusion,
  title={Diffusion of innovations},
  author={Rogers, Everett M},
  year={2010},
  publisher={Simon and Schuster}
}

@article{dosi1982technological,
  title={Technological paradigms and technological trajectories: a suggested interpretation of the determinants and directions of technical change},
  author={Dosi, Giovanni},
  journal={Research Policy},
  volume={11},
  number={3},
  pages={147--162},
  year={1982},
  publisher={Elsevier}
}

@article{geels2002technological,
  title={Technological transitions as evolutionary reconfiguration processes: a multi-level perspective and a case-study},
  author={Geels, Frank W},
  journal={Research Policy},
  volume={31},
  number={8-9},
  pages={1257--1274},
  year={2002},
  publisher={Elsevier}
}

@article{berkhout2004socio,
  title={Socio-technological regimes and transition contexts},
  author={Berkhout, Frans and Smith, Adrian and Stirling, Andy},
  journal={System Innovation and the Transition to Sustainability: Theory, Evidence and Policy},
  volume={44},
  number={106},
  pages={48--75},
  year={2004},
  publisher={Edward Elgar Cheltenham}
}

@article{smith2005governance,
  title={The governance of sustainable socio-technical transitions},
  author={Smith, Adrian and Stirling, Andy and Berkhout, Frans},
  journal={Research Policy},
  volume={34},
  number={10},
  pages={1491--1510},
  year={2005},
  publisher={Elsevier}
}

@inproceedings{riehmann2005interactive,
  title={Interactive sankey diagrams},
  author={Riehmann, Patrick and Hanfler, Manfred and Froehlich, Bernd},
  booktitle={IEEE Symposium on Information Visualization, 2005. INFOVIS 2005.},
  pages={233--240},
  year={2005},
  organization={IEEE}
}

@article{geels2007typology,
  title={Typology of sociotechnical transition pathways},
  author={Geels, Frank W and Schot, Johan},
  journal={Research Policy},
  volume={36},
  number={3},
  pages={399--417},
  year={2007},
  publisher={Elsevier}
}

@article{blondel2008fast,
  title={Fast unfolding of communities in large networks},
  author={Blondel, Vincent D and Guillaume, Jean-Loup and Lambiotte, Renaud and Lefebvre, Etienne},
  journal={Journal of Statistical Mechanics: Theory and Experiment},
  volume={2008},
  number={10},
  pages={P10008},
  year={2008},
  publisher={IOP Publishing}
}

@inproceedings{bird2009promises,
  title={The promises and perils of mining git},
  author={Bird, Christian and Rigby, Peter C and Barr, Earl T and Hamilton, David J and German, Daniel M and Devanbu, Prem},
  booktitle={2009 6th IEEE International Working Conference on Mining Software Repositories},
  pages={1--10},
  year={2009},
  organization={IEEE}
}

@book{krippendorff2018content,
  title={Content analysis: An introduction to its methodology},
  author={Krippendorff, Klaus},
  year={2018},
  publisher={Sage publications}
}

@article{passonneau2006measuring,
  title={Measuring agreement on set-valued items (MASI) for semantic and pragmatic annotation},
  author={Passonneau, Rebecca},
  year={2006}
}

@article{krippendorff2011computing,
  title={Computing Krippendorff's alpha-reliability},
  author={Krippendorff, Klaus},
  year={2011}
}

@inproceedings{cruzes2011recommended,
  title={Recommended steps for thematic synthesis in software engineering},
  author={Cruzes, Daniela S and Dyba, Tore},
  booktitle={2011 International Symposium on Empirical Software Engineering and Measurement},
  pages={275--284},
  year={2011},
  organization={IEEE}
}

@article{braun2012thematic,
  title={Thematic analysis.},
  author={Braun, Virginia and Clarke, Victoria},
  year={2012},
  publisher={American Psychological Association}
}

@article{cox2019surviving,
  title={Surviving software dependencies},
  author={Cox, Russ},
  journal={Communications of the ACM},
  volume={62},
  number={9},
  pages={36--43},
  year={2019},
  publisher={ACM New York, NY, USA}
}

@inproceedings{ma2019world,
  title={World of code: an infrastructure for mining the universe of open source VCS data},
  author={Ma, Yuxing and Bogart, Chris and Amreen, Sadika and Zaretzki, Russell and Mockus, Audris},
  booktitle={2019 IEEE/ACM 16th International Conference on Mining Software Repositories (MSR)},
  pages={143--154},
  year={2019},
  organization={IEEE}
}

@article{ma2020world,
  title={World of Code: Enabling a Research Workflow for Mining and Analyzing the Universe of Open Source VCS data},
  author={Ma, Yuxing and Dey, Tapajit and Bogart, Chris and Amreen, Sadika and Valiev, Marat and Tutko, Adam and Kennard, David and Zaretzki, Russell and Mockus, Audris},
  journal={arXiv preprint arXiv:2010.16196},
  year={2020}
}


%%%%%%%%%% Websites %%%%%%%%%%


@misc{Maven,
 author = {MvnRepository},
 title  = "Maven Central Repository",
 year   = {2021},
 url    = "https://mvnrepository.com/repos/central"
}

@misc{MavenTool,
 author = {The Apache Software Foundation},
 title  = "Apache Maven Project",
 year   = {2021},
 url    = "https://maven.apache.org/"
}

@misc{Commit-replace-json,
 author = {Vaclav Dedik},
 title  = "Replace org.json with jackson",
 year   = {2015},
 url    = "https://github.com/release-engineering/pom-manipulation-ext/commit/d7d4a0305e6b681e97e79b0510ca0b7570f2ed00"
}

@misc{NPM,
 author = {{npm, Inc.}},
 title  = "npm | Build amazing things",
 year   = {2021},
 url    = "https://www.npmjs.com/"
}

@misc{PyPI,
 author = {Python Software Foundation},
 title  = "PyPI: the Python package index",
 year   = {2021},
 url    = "https://pypi.org/"
}x

@misc{JAR,
 author = {Oracle},
 title  = "JAR File Specification",
 year   = {2021},
 url    = "https://docs.oracle.com/javase/8/docs/technotes/guides/jar/jar.html"
}

@misc{WhiteSource,
 author = {WhiteSource Software},
 title  = "WhiteSource: Open Source Security and License Management Solution",
 year   = {2021},
 url    = "https://www.whitesourcesoftware.com/"
}

@misc{Snyk,
 author = {Snyk Limited},
 title  = "Snyk | Developer security | Develop fast. Stay secure.",
 year   = {2021},
 url    = "https://snyk.io/"
}

@misc{GitHubAdvisory,
 author = {{GitHub, Inc.}},
 title  = "GitHub Advisory Database",
 year   = {2021},
 url    = "https://github.com/advisories"
}

@misc{AlternativeTo,
 author = {{Ola Johansson and Markus Olausson}},
 title  = "AlternativeTo: Crowd-Sourced Software Recommendation",
 year   = {2021},
 url    = "https://alternativeto.net/"
}

@dataset{LibrariesIO,
  author       = {Jeremy Katz},
  title        = {{Libraries.io Open Source Repository and Dependency 
                   Metadata}},
  month        = jan,
  year         = 2020,
  publisher    = {Zenodo},
  version      = {1.6.0},
  doi          = {10.5281/zenodo.3626071},
  url          = {https://doi.org/10.5281/zenodo.3626071}
}

@misc{GitSquashMerge,
 author = {{StackOverflow Users}},
 title  = "Can I squash a merge commit with one of its predecessors?",
 year   = {2020},
 url    = "https://stackoverflow.com/questions/61906251/can-i-squash-a-merge-commit-with-one-of-its-predecessors"
}

@misc{jvm-ecosystem-report,
 author = {{Snyk}},
 title  = "JVM Ecosystem Report 2020",
 year   = {2020},
 url    = "https://snyk.io/wp-content/uploads/jvm_2020.pdf"
}

@misc{gradle,
 author = {{Gradle Inc}},
 title  = "Gradle Build Tool",
 year   = {2021},
 url    = "https://gradle.org/"
}


@misc{log4j,
 author = {{The Apache Software Foundation}},
 title  = "Apache Log4j 1.2",
 year   = {2012},
 url    = "https://logging.apache.org/log4j/1.2/"
}

@misc{commons-logging,
 author = {{The Apache Software Foundation}},
 title  = "Apache Commons Logging - Overview",
 year   = {2014},
 url    = "https://commons.apache.org/proper/commons-logging/"
}

@misc{log4j2,
 author = {{The Apache Software Foundation}},
 title  = "Log4j - Apache Log4j 2",
 year   = {2020},
 url    = "https://logging.apache.org/log4j/2.x/"
}

@misc{slf4j,
 author = {{QOS.ch}},
 title  = "SLF4J: Simple Logging Facade for Java",
 year   = {2019},
 url    = "http://www.slf4j.org/"
}

@misc{logback,
 author = {{QOS.ch}},
 title  = "Logback Project",
 year   = {2019},
 url    = "http://logback.qos.ch/"
}

@misc{gson,
 author = {{Google, Inc.}},
 title  = "google/gson: A Java serialization/deserialization library to convert Java Objects into JSON and back",
 year   = {2019},
 url    = "https://github.com/google/gson"
}

@misc{jackson,
 author = {{FasterXML, LLC.}},
 title  = "FasterXML/jackson: Main Portal page for the Jackson Project",
 year   = {2019},
 url    = "https://github.com/FasterXML/jackson"
}

@misc{junit4,
 author = {{The JUnit Team}},
 title  = "JUnit - About",
 year   = {2020},
 url    = "https://junit.org/junit4/"
}

@misc{junit5,
 author = {{The JUnit Team}},
 title  = "JUnit 5",
 year   = {2021},
 url    = "https://junit.org/junit5/"
}

@misc{testng,
 author = {CÃ©dric Beust},
 title  = "TestNG - Welcome",
 year   = {2019},
 url    = "https://testng.org/"
}

@misc{github-issue-link,
 author = {{GitHub, Inc.}},
 title  = "Autolinked references and URLs",
 year   = {2021},
 url    = "https://docs.github.com/en/github/writing-on-github/autolinked-references-and-urls"
}








